@misc{LearnOpenGL:Parallax,
  author = {Joey De Vries},
  title  = {Parallax Mapping},
  year   = {o.D.},
  note   = {[Online; zugegriffen am 28.Juli, 2022]},
  url    = {https://learnopengl.com/img/advanced-lighting/parallax_mapping_depth.png}
}

@misc{LearnOpenGL:POM,
  author = {Joey De Vries},
  title  = {Parallax Occlusion Mapping},
  year   = {o.D.},
  note   = {[Online; zugegriffen am 28.Juli, 2022]},
  url    = {https://learnopengl.com/img/advanced-lighting/parallax_mapping_parallax_occlusion_mapping_diagram.png}
}

@misc{Shaderbits:Volume,
  author = {Ryan Brucks},
  title  = {Creating a Volumetric Ray Marcher},
  year   = {2016},
  note   = {[Online; zugegriffen am 30.Juli, 2022]},
  url    = {https://shaderbits.com/blog/creating-volumetric-ray-marcher}
}