@article{kufner,
  title={Quasi volumetrisches Rendering einer gridbasierten 2D Smokesimulation unter Nutzung von Z-buffer und parallax Mapping},
  author={Kufner, Robert},
  year={2017}
}

